<?xml version="1.0" encoding="UTF-8"?><collection xmlns="http://www.loc.gov/MARC21/slim"><record><leader>00321nam--2200109-i-4500</leader><controlfield tag="001">000001899</controlfield><controlfield tag="002">20161230</controlfield><controlfield tag="005">20161230201024</controlfield><controlfield tag="008">060222s1000------------r-----000-0-eng-d</controlfield><datafield ind1=" " ind2=" " tag="245"><subfield code="a">Fragen der ohysik und chemie der ferrite. kolloquium am 1 und 2. marz 1960, berlin</subfield></datafield><datafield ind1=" " ind2=" " tag="260"><subfield code="a">Berlin, Akademie-verlag, 1961. 88 P</subfield></datafield><datafield ind1=" " ind2=" " tag="852"><subfield code="a">8515</subfield></datafield></record></collection>